%% Bøker

@Book{PraktiskBrukertesting,
  author =	 {Eli Toftøy-Andersen, Jon Gunnar Wold},
  title = 	 {Praktisk brukertesting},
  publisher = 	 {Cappelen Damm AS},
  year = 	 2011
}

%% Nettsider

@misc{SAMLHist,
   author = "saml.xml.org",
   title = "History of SAML",
   year = "2007",
   howpublished = "\url{http://saml.xml.org/history}",
   note = "[Online; lest 20-Mars-2015]"
}

@misc{SAMLProtokoller,
   author = "saml.xml.org",
   title = "Assertions and Protocols for the OASIS Security Assertion Markup Language (SAML) V2.0 – Errata Composite",
   year = "2009",
   howpublished = "\url{https://www.oasis-open.org/committees/download.php/35711/sstc-saml-core-errata-2.0-wd-06-diff.pdf}",
   note = "[Online; lest 20-Mars-2015]"
}

@misc{SAMLOffice,
   author = "Office 365 Team",
   title = "Announcing support for SAML 2.0 federation with Office 365",
   year = "2014",
   howpublished = "\url{http://blogs.office.com/2014/03/06/announcing-support-for-saml-2-0-federation-with-office-365/}",
   note = "[Online; lest 20-Mars-2015]"
}

@misc{SSOLogg,
   author = "University of Guelph",
   title = "SSO Benefits",
   year = "2015",
   howpublished = "\url{https://www.uoguelph.ca/ccs/security/internet/single-sign-sso/benefits}",
   note = "[Online; lest 20-Mars-2015]"
}

@misc{SSOLDAP,
   author = "Authenticationworld",
   title = "SSO And LDAP Authentication",
   year = "2006",
   howpublished = "\url{http://www.authenticationworld.com/Single-Sign-On-Authentication/SSOandLDAP.html}",
   note = "[Online; lest 20-Mars-2015]"
}

@misc{SSOProblemer,
   author = "Authenticationworld",
   title = "Single Sign On",
   year = "2006",
   howpublished = "\url{http://www.authenticationworld.com/Single-Sign-On-Authentication/}",
   note = "[Online; lest 20-Mars-2015]"
}

@misc{OIDCHist,
   author = "OpenID Foundation",
   title = "The OpenID Foundation Launches the OpenID Connect Standard",
   year = "2014",
   howpublished = "\url{http://openid.net/2014/02/26/the-openid-foundation-launches-the-openid-connect-standard/}",
   note = "[Online; lest 20-Mars-2015]"
}

@misc{OIDCSpesification,
   author = "N. Sakimura, J. Bradley, M. Jones, B. de Medeiros, C. Mortimore",
   title = "OpenID Connect spesification",
   year = "2014",
   howpublished = "\url{http://openid.net/specs/openid-connect-core-1_0.html}",
   note = "[Online; lest 16-April-2015]"
}

@misc{OIDCStotte,
   author = "Serdar Yegulalp, InforWorld",
   title = "Google, Microsoft, Salesforce back OpenID Connect -- but it's not enough",
   year = "2014",
   howpublished = "\url{http://www.infoworld.com/article/2610546/identity-management/google--microsoft--salesforce-back-openid-connect----but-it-s-not-enough.html}",
   note = "[Online; lest 20-Mars-2015]"
}

@misc{OIDCFunksjonalitet,
   author = "Connect2id",
   title = "OpenID Connect explained",
   year = "2015",
   howpublished = "\url{http://connect2id.com/learn/openid-connect}",
   note = "[Online; lest 20-Mars-2015]"
}

@misc{OIDCHjemmeside,
   author = "OpenID",
   title = "OpenID Connect FAQ and Q&As",
   year = "2015",
   howpublished = "\url{http://openid.net/connect/faq/}",
   note = "[Online; lest 20-Mars-2015]"
}

@misc{AzureLansert,
   author = "The Official Microsoft Blog",
   title = "Windows Azure General Availability",
   year = "2010",
   howpublished = "\url{http://blogs.microsoft.com/blog/2010/02/01/windows-azure-general-availability/}",
   note = "[Online; lest 23-Mars-2015]"
}

@misc{OAuthKontoer,
   author = "OAuth - Official Site",
   title = "Services that support OAuth 2",
   year = "2015",
   howpublished = "\url{http://oauth.net/2/}",
   note = "[Online; lest 23-Mars-2015]"
}

@misc{OAuth10Hist,
   author = "OAuth - Official Site",
   title = "Introduction to OAuth 1.0",
   year = "2015",
   howpublished = "\url{http://oauth.net/about/}",
   note = "[Online; lest 23-Mars-2015]"
}

@misc{OAuthDifferences,
   author = "Gegory Brail",
   title = "Top Differences between OAuth 1.0 and OAuth 2.0 for API Calls",
   year = "2010",
   howpublished = "\url{https://blog.apigee.com/detail/oauth_differences}",
   note = "[Online; lest 23-Mars-2015]"
}

@misc{FacebookAPI,
   author = "Facebook - Official developers guide",
   title = "Facebook Login",
   year = "2015",
   howpublished = "\url{https://developers.facebook.com/docs/facebook-login/v2.2}",
   note = "[Online; lest 23-Mars-2015]"
}

@misc{GoogleAPI,
   author = "Google",
   title = "Choosing an Auth Mechanism",
   year = "2015",
   howpublished = "\url{https://developers.google.com/accounts/docs/GettingStarted}",
   note = "[Online; lest 23-Mars-2015]"
}

@misc{NSA,
   author = "Dagsavisen, skrevet av Ester Nordland",
   title = "Honning-krukke for hackere",
   year = "2014",
   howpublished = "\url{http://www.dagsavisen.no/innenriks/honning-krukke-for-hackere-1.285202}",
   note = "[Online; lest 26-Mars-2015]"
}

@misc{AzurePrivacy,
   author = "Microsoft",
   title = "Microsoft Trust Center",
   year = "2015",
   howpublished = "\url{http://azure.microsoft.com/en-us/support/trust-center/privacy/}",
   note = "[Online; lest 26-Mars-2015]"
}

@misc{AAD,
   author = "Microsoft",
   title = "What is Azure Active Directory",
   year = "2015",
   howpublished = "\url{http://azure.microsoft.com/nb-no/documentation/articles/active-directory-whatis/}",
   note = "[Online; lest 12-Mars-2015]"
}

@misc{AADServices,
   author = "Keith Mayer - Ansatt hos Microsoft",
   title = "Step-by-Step: Get Started with Windows Azure Active Directory (WAAD) and Multi-Factor Authentication",
   year = "2014",
   howpublished = "\url{http://blogs.technet.com/b/keithmayer/archive/2013/04/09/step-by-step-provisioning-windows-azure-active-directory-free-for-production-use.aspx}",
   note = "[Online; lest 12-Mars-2015]"
}

@misc{TruswareGlobalSecurityReport2014,
   author = "Trustware",
   title = "Trustware Global Security Report 2014",
   year = "2014",
   howpublished = "\url{http://www2.trustwave.com/rs/trustwave/images/2014_Trustwave_Global_Security_Report.pdf}",
   note = "[Online; lest 25-Mars-2015]"
}

@misc{NorsisLeksikonAutentisering,
   author = "Norsis",
   title = "NorSIS leksikon - Autentisering",
   year = "2012",
   howpublished = "\url{https://norsis.no/leksikon/autentisering/}",
   note = "[Online; lest 25-Mars-2015]"
}

@misc{NorsisLeksikonAutorisering,
   author = "Norsis",
   title = "NorSIS leksikon - Autorisering",
   year = "2012",
   howpublished = "\url{https://norsis.no/leksikon/autorisering/}",
   note = "[Online; lest 25-Mars-2015]"
}

@misc{DirSync,
   author = "Microsoft",
   title = "Microsoft Azure Active Directory Sync Services",
   year = "2015",
   howpublished = "\url{http://www.microsoft.com/en-us/download/details.aspx?id=44225}",
   note = "[Online; lest 25-Mars-2015]"
}

@misc{AD,
   author = "Microsoft",
   title = "Active Directory",
   year = "1999",
   howpublished = "\url{https://msdn.microsoft.com/en-us/library/bb742424.aspx}",
   note = "[Online; lest 25-Mars-2015]"
}

@misc{IDServV3Hist,
   author = "Dominick Baier",
   title = "IdentityServer3 vNext",
   year = "2015",
   howpublished = "\url{http://leastprivilege.com/2015/03/29/identityserver3-vnext/}",
   note = "[Online; lest 25-Mars-2015]"
}

@misc{SLA,
   author = "Den Norske Dataforening",
   title = "Om SLA",
   year = "2015",
   howpublished = "\url{http://www.dataforeningen.no/om-sla.134238.no.html}",
   note = "[Online; lest 10-April-2015]"
}
@misc{WebappTutorialCloudIdentity,
   author = "Vittorio Bertocci",
   title = "Protecting an ASP.NET WebForms App with OpenId Connect and Azure AD",
   year = "2014",
   howpublished = "\url{http://www.cloudidentity.com/blog/2014/07/24/protecting-an-asp-net-webforms-app-with-openid-connect-and-azure-ad/l}",
   note = "[Online; lest 13-April-2015]"
}
@misc{WebAppOpenIDConnectDotNet,
   author = "Stuart Kwan, Danny Strockis, Vittorio Bertocci",
   title = "WebApp-OpenIDConnect-DotNet",
   year = "2015",
   howpublished = "\url{https://github.com/AzureADSamples/WebApp-OpenIDConnect-DotNet/commits/master}",
   note = "[Online; lest 13-April-2015]"
}
@misc{RegistrereApplikasjoneriAAD,
   author = "Microsoft Azure",
   title = "Basics of Registering Applications in Azure AD",
   year = "2015",
   howpublished = "\url{https://msdn.microsoft.com/en-us/library/azure/dn499820.aspx#BKMK_Registering}",
   note = "[Online; lest 15-April-2015]"
}

@misc{AppRoleOgClaims,
   author = "Alex Simons, Director of Program Management, Microsoft",
   title = "Azure Active Directory, now with Group Claims and Application Roles!",
   year = "2014",
   howpublished = "\url{http://blogs.technet.com/b/ad/archive/2014/12/18/azure-active-directory-now-with-group-claims-and-application-roles.aspx}",
   note = "[Online; lest 16-April-2015]"
}

@misc{AzureADPricing,
   author = "Microsoft Azure AD team",
   title = "Azure AD Pricing",
   year = "2015",
   howpublished = "\url{http://azure.microsoft.com/nb-no/pricing/details/active-directory/}",
   note = "[Online; lest 17-April-2015]"
}

@misc{NasosAzureADExplained,
   author = "Nasos Kladakis",
   title = "Cloud Identity: Microsoft Azure Active Directory Explained",
   year = "2014",
   howpublished = "\url{http://channel9.msdn.com/Events/TechEd/Europe/2014/CDP-B210}",
   note = "[Foredrag filmet; 29-Oktober-2014]"
}


@misc{MicrosoftBildConference,
   author = "Microsoft",
   title = "Information website and registration for Microsoft Build conference",
   year = "2015",
   howpublished = "\url{http://www.buildwindows.com/}",
   note = "[Online; lest 17-April-2015]"
}
@misc{AccessRules,
   author = "Alex Simons",
   title = "Azure AD Conditional Access preview updated: Now supports On-Premises and Custom LOB apps.",
   year = "11-03-2015",
   howpublished = "\url{http://blogs.technet.com/b/ad/archive/2015/03/11/azure-ad-conditional-access-preview-updated-now-supports-on-premises-and-custom-lob-apps.aspx}",
   note = "[Online; lest 20-April-2015]"
}



@misc{AadSamlSingelSignIn,
   author = "Microsoft Azure team",
   title = "Single Sign-on (SAML Protocol)",
   year = "30-12-2014",
   howpublished = "\url{https://msdn.microsoft.com/en-us/library/azure/dn195589.aspx}",
   note = "[Online; lest 20-April-2015]"
}

@misc{AddingUpdatingRemovingApplications,
   author = "Microsoft Azure team",
   title = "Adding, Updating and Removing Applications",
   year = "28-10-2014",
   howpublished = "\url{https://msdn.microsoft.com/en-us/library/azure/dn132599.aspx#BKMK_Exposing}",
   note = "[Online; lest 21-April-2015]"
}

@misc{Brukervennlighet,
   author = "Jarle Tronerud",
   title = "Brukervennlighet",
   year = "2014",
   howpublished = "\url{http://brukertest.com/brukeropplevelser/interaksjonsdesign/brukervennlighet}",
   note = "[Online; lest 21-April-2015]"
}